<?xml version="1.0" encoding="UTF-8"?><collection xmlns="http://www.loc.gov/MARC21/slim"><record><leader>00431nam--2200133-i-4500</leader><controlfield tag="001">000042818</controlfield><controlfield tag="002">20161230</controlfield><controlfield tag="005">20161230201043</controlfield><controlfield tag="008">060222s1000------------r-----000-0-eng-d</controlfield><datafield ind1=" " ind2=" " tag="100"><subfield code="a">Preto, Valadas, S.A</subfield></datafield><datafield ind1=" " ind2=" " tag="245"><subfield code="a">Doenca hemolitica, conceito e diagnostico. uso do fe59 nas technicas de diagnostico</subfield></datafield><datafield ind1=" " ind2=" " tag="260"><subfield code="a">Porto, Imprensa Portuguesa,/1957</subfield></datafield><datafield ind1=" " ind2=" " tag="490"><subfield code="a">Separata Do `Boletim Clinico Dos Hospitais Civis De Lisboa`</subfield></datafield><datafield ind1=" " ind2=" " tag="852"><subfield code="a">5537</subfield></datafield></record></collection>